[
  {
    "id": 755898,
    "title": "A Guerra dos Mundos",
    "release_date": "2025-07-29",
    "vote_average": 4.291,
    "budget": 0,
    "revenue": 0,
    "price": 90.99,
    "poster": "https://image.tmdb.org/t/p/w500/yvirUYrva23IudARHn3mMGVxWqM.jpg"
  },
  {
    "id": 911430,
    "title": "F1 - O Filme",
    "release_date": "2025-06-25",
    "vote_average": 7.812,
    "budget": 250000000,
    "revenue": 607126203,
    "price": 91.99,
    "poster": "https://image.tmdb.org/t/p/w500/fMcY5hpVZQ0cLKHvFM1mo6GrAr0.jpg"
  },
  {
    "id": 1151334,
    "title": "Motorista de Fuga",
    "release_date": "2025-08-21",
    "vote_average": 6.684,
    "budget": 50000000,
    "revenue": 0,
    "price": 105.99,
    "poster": "https://image.tmdb.org/t/p/w500/5y6tiGVEEcasVfIJKzT0VVTj9Yq.jpg"
  },
  {
    "id": 1061474,
    "title": "Superman",
    "release_date": "2025-07-09",
    "vote_average": 7.6,
    "budget": 225000000,
    "revenue": 605303910,
    "price": 111.99,
    "poster": "https://image.tmdb.org/t/p/w500/xeZ8oG6W60fEPf9yCjERUXiHRBF.jpg"
  },
  {
    "id": 575265,
    "title": "Missão: Impossível - O Acerto Final",
    "release_date": "2025-05-17",
    "vote_average": 7.243,
    "budget": 400000000,
    "revenue": 597913515,
    "price": 78.99,
    "poster": "https://image.tmdb.org/t/p/w500/yKQjrwgEkPOGel3JKT2neJzu0jh.jpg"
  },
  {
    "id": 1234821,
    "title": "Jurassic World: Recomeço",
    "release_date": "2025-07-01",
    "vote_average": 6.376,
    "budget": 180000000,
    "revenue": 844060875,
    "price": 145.99,
    "poster": "https://image.tmdb.org/t/p/w500/zuEC2i3I2P7QIcLoUJNBwqRYO4S.jpg"
  },
  {
    "id": 1083433,
    "title": "Eu Sei o Que Vocês Fizeram no Verão Passado",
    "release_date": "2025-07-16",
    "vote_average": 5.889,
    "budget": 18000000,
    "revenue": 64081321,
    "price": 105.99,
    "poster": "https://image.tmdb.org/t/p/w500/g5wb7FmDsMhot4kg4KC6u2tS2Nv.jpg"
  },
  {
    "id": 1311031,
    "title": "Demon Slayer: Kimetsu no Yaiba Castelo Infinito",
    "release_date": "2025-07-18",
    "vote_average": 7.2,
    "budget": 68000000,
    "revenue": 253005978,
    "price": 51.99,
    "poster": "https://image.tmdb.org/t/p/w500/c55sXCaQBj3vuHqZe62tv90xCQS.jpg"
  },
  {
    "id": 1175942,
    "title": "Os Caras Malvados 2",
    "release_date": "2025-07-24",
    "vote_average": 7.821,
    "budget": 80000000,
    "revenue": 155455193,
    "price": 92.99,
    "poster": "https://image.tmdb.org/t/p/w500/dbpNAldCtWjotI4vEiphPrz8DJh.jpg"
  },
  {
    "id": 1429739,
    "title": "Ladrões de Ouro",
    "release_date": "2025-08-19",
    "vote_average": 6.382,
    "budget": 0,
    "revenue": 0,
    "price": 72.99,
    "poster": "https://image.tmdb.org/t/p/w500/waEg4gatXCc1xvFRvkWLLZbxv5L.jpg"
  },
  {
    "id": 1242011,
    "title": "Juntos",
    "release_date": "2025-07-23",
    "vote_average": 7.202,
    "budget": 17000000,
    "revenue": 27715561,
    "price": 115.99,
    "poster": "https://image.tmdb.org/t/p/w500/gFizWARkUj7SMuGkmssxIV9TkgT.jpg"
  },
  {
    "id": 1382406,
    "title": "Operação Resgate",
    "release_date": "2024-12-05",
    "vote_average": 7.672,
    "budget": 0,
    "revenue": 0,
    "price": 57.99,
    "poster": "https://image.tmdb.org/t/p/w500/vA90gPM2rueydorwv6jrZg150kr.jpg"
  },
  {
    "id": 1087192,
    "title": "Como Treinar o Seu Dragão",
    "release_date": "2025-06-06",
    "vote_average": 8,
    "budget": 150000000,
    "revenue": 628789364,
    "price": 68.99,
    "poster": "https://image.tmdb.org/t/p/w500/AtAI3mz5upKhRmLGF24zpxw3sgV.jpg"
  },
  {
    "id": 1389158,
    "title": "A Mãe e a Maldição",
    "release_date": "2025-06-20",
    "vote_average": 7.176,
    "budget": 0,
    "revenue": 282403,
    "price": 88.99,
    "poster": "https://image.tmdb.org/t/p/w500/axW2ccdp85roJ3Ks2F9b2zegzPR.jpg"
  },
  {
    "id": 1078605,
    "title": "A Hora do Mal",
    "release_date": "2025-08-04",
    "vote_average": 7.4,
    "budget": 38000000,
    "revenue": 210852983,
    "price": 137.99,
    "poster": "https://image.tmdb.org/t/p/w500/psEJSjQr6I9GSJTdW28CKC4Kffs.jpg"
  },
  {
    "id": 1022787,
    "title": "Elio",
    "release_date": "2025-06-18",
    "vote_average": 6.942,
    "budget": 150000000,
    "revenue": 152204528,
    "price": 113.99,
    "poster": "https://image.tmdb.org/t/p/w500/2H8k54MWPQtsxWkQhR2HVfT34ty.jpg"
  },
  {
    "id": 803796,
    "title": "Guerreiras do K-Pop",
    "release_date": "2025-06-20",
    "vote_average": 8.411,
    "budget": 100000000,
    "revenue": 19200000,
    "price": 55.99,
    "poster": "https://image.tmdb.org/t/p/w500/gbdMa7woiuF7IiEB5Spwv5od4oo.jpg"
  },
  {
    "id": 1241470,
    "title": "Osíris",
    "release_date": "2025-07-25",
    "vote_average": 6.587,
    "budget": 0,
    "revenue": 0,
    "price": 74.99,
    "poster": "https://image.tmdb.org/t/p/w500/zV73BurKh944kFpjna1QTF43gPl.jpg"
  },
  {
    "id": 1319895,
    "title": "Hostile Takeover",
    "release_date": "2025-08-08",
    "vote_average": 7.5,
    "budget": 0,
    "revenue": 0,
    "price": 140.99,
    "poster": "https://image.tmdb.org/t/p/w500/vntwlS3CAKfoLTs90GaoK6lymBC.jpg"
  },
  {
    "id": 1300116,
    "title": "Quero Você",
    "release_date": "2025-08-20",
    "vote_average": 5.963,
    "budget": 0,
    "revenue": 0,
    "price": 122.99,
    "poster": "https://image.tmdb.org/t/p/w500/y5MqC5sFLwA4FH73zpjqo0q8Ry7.jpg"
  },
  {
    "id": 617126,
    "title": "Quarteto Fantástico: Primeiros Passos",
    "release_date": "2025-07-23",
    "vote_average": 7.22,
    "budget": 200000000,
    "revenue": 491073207,
    "price": 140.99,
    "poster": "https://image.tmdb.org/t/p/w500/hlWOAWRKSno6UxaE0IXDFVvmzTf.jpg"
  },
  {
    "id": 986206,
    "title": "Night Carnage",
    "release_date": "2025-07-29",
    "vote_average": 5.9,
    "budget": 0,
    "revenue": 0,
    "price": 51.99,
    "poster": "https://image.tmdb.org/t/p/w500/w0wjPQKhlqisSbylf1sWZiNyc2h.jpg"
  },
  {
    "id": 1185528,
    "title": "Lendas dos Heróis do Condor: Os Valentes",
    "release_date": "2025-01-29",
    "vote_average": 6.7,
    "budget": 0,
    "revenue": 81550000,
    "price": 40.99,
    "poster": "https://image.tmdb.org/t/p/w500/jVjkCLzP5jzF4tUopU3NIZW0PRl.jpg"
  },
  {
    "id": 980477,
    "title": "Ne Zha 2: O Renascer da Alma",
    "release_date": "2025-01-29",
    "vote_average": 8,
    "budget": 80000000,
    "revenue": 2216990000,
    "price": 47.99,
    "poster": "https://image.tmdb.org/t/p/w500/rZvTm1Yg1HUfpC1Z20E0211kXqI.jpg"
  },
  {
    "id": 552524,
    "title": "Lilo & Stitch",
    "release_date": "2025-05-17",
    "vote_average": 7.329,
    "budget": 100000000,
    "revenue": 1032075644,
    "price": 76.99,
    "poster": "https://image.tmdb.org/t/p/w500/1YAQdWg0qhMVGPn2sHMv5zdy0ZK.jpg"
  },
  {
    "id": 1106289,
    "title": "A Última Missão",
    "release_date": "2025-07-27",
    "vote_average": 6.511,
    "budget": 0,
    "revenue": 0,
    "price": 125.99,
    "poster": "https://image.tmdb.org/t/p/w500/d6Dxr0Euzh8cGzkJ8h7unBX3A8l.jpg"
  },
  {
    "id": 1443260,
    "title": "Rob1n: Inteligência Assassina",
    "release_date": "2025-03-20",
    "vote_average": 5.097,
    "budget": 0,
    "revenue": 25242,
    "price": 121.99,
    "poster": "https://image.tmdb.org/t/p/w500/5lJ2ftNE18iYGCdOQsQirzHHtnX.jpg"
  },
  {
    "id": 1312946,
    "title": "O Mapa Que Me Leva Até Você",
    "release_date": "2025-08-19",
    "vote_average": 6.603,
    "budget": 0,
    "revenue": 0,
    "price": 106.99,
    "poster": "https://image.tmdb.org/t/p/w500/rr31IlQPnWx5DOfXCVfBocl2Jwv.jpg"
  },
  {
    "id": 541671,
    "title": "Bailarina - Do Universo de John Wick",
    "release_date": "2025-06-04",
    "vote_average": 7.4,
    "budget": 90000000,
    "revenue": 131794570,
    "price": 108.99,
    "poster": "https://image.tmdb.org/t/p/w500/by5hjYJp3OJ8GW118kPeURp1rFo.jpg"
  },
  {
    "id": 744653,
    "title": "O Clube do Crime das Quintas-Feiras",
    "release_date": "2025-08-22",
    "vote_average": 6.9,
    "budget": 0,
    "revenue": 0,
    "price": 132.99,
    "poster": "https://image.tmdb.org/t/p/w500/wHW4uQsPyda0jmcDmzOsM8y9BRy.jpg"
  },
  {
    "id": 1155281,
    "title": "封神第二部：战火西岐",
    "release_date": "2025-01-29",
    "vote_average": 6.337,
    "budget": 120000000,
    "revenue": 172619925,
    "price": 65.99,
    "poster": "https://image.tmdb.org/t/p/w500/5bBgvH3hTxlANUsLP1ov0lEKmJp.jpg"
  },
  {
    "id": 1071585,
    "title": "M3GAN 2.0",
    "release_date": "2025-06-25",
    "vote_average": 7.542,
    "budget": 25000000,
    "revenue": 39085199,
    "price": 83.99,
    "poster": "https://image.tmdb.org/t/p/w500/t1ePG09E3diI04p8BfphtMxYJva.jpg"
  },
  {
    "id": 936108,
    "title": "Smurfs",
    "release_date": "2025-07-05",
    "vote_average": 6.144,
    "budget": 58000000,
    "revenue": 104758972,
    "price": 95.99,
    "poster": "https://image.tmdb.org/t/p/w500/cUCvHtgwa0qtOmFqVlG6sWFc9sJ.jpg"
  },
  {
    "id": 1195631,
    "title": "William Tell",
    "release_date": "2025-01-17",
    "vote_average": 6.469,
    "budget": 0,
    "revenue": 264637,
    "price": 55.99,
    "poster": "https://image.tmdb.org/t/p/w500/8SdaetXSTPyQVDb5pTEPRLBSx15.jpg"
  },
  {
    "id": 986056,
    "title": "Thunderbolts*",
    "release_date": "2025-04-30",
    "vote_average": 7.4,
    "budget": 180000000,
    "revenue": 382436917,
    "price": 45.99,
    "poster": "https://image.tmdb.org/t/p/w500/eKD2p840nsRXLUR25ciVsNMJgOB.jpg"
  },
  {
    "id": 1011477,
    "title": "Karatê Kid: Lendas",
    "release_date": "2025-05-08",
    "vote_average": 7.133,
    "budget": 45000000,
    "revenue": 105456077,
    "price": 122.99,
    "poster": "https://image.tmdb.org/t/p/w500/gnuSSOVBVWlKL8dFEGKRoOiiKTS.jpg"
  },
  {
    "id": 1119878,
    "title": "Missão Resgate: Vingança",
    "release_date": "2025-06-27",
    "vote_average": 6.867,
    "budget": 0,
    "revenue": 0,
    "price": 99.99,
    "poster": "https://image.tmdb.org/t/p/w500/sPTeizmI8p40oEuvbIc2B3H5mg6.jpg"
  },
  {
    "id": 1495723,
    "title": "Um Homem Abandonado",
    "release_date": "2025-08-22",
    "vote_average": 7.2,
    "budget": 0,
    "revenue": 0,
    "price": 94.99,
    "poster": "https://image.tmdb.org/t/p/w500/jfkCJDrZX6rVvvVqQ8ME4tDmRa.jpg"
  },
  {
    "id": 574475,
    "title": "Premonição 6: Laços de Sangue",
    "release_date": "2025-05-14",
    "vote_average": 7.148,
    "budget": 50000000,
    "revenue": 285330814,
    "price": 74.99,
    "poster": "https://image.tmdb.org/t/p/w500/niTRdfNCT29PXU9YpPPuISrBIw7.jpg"
  },
  {
    "id": 7451,
    "title": "Triplo X",
    "release_date": "2002-08-09",
    "vote_average": 5.959,
    "budget": 70000000,
    "revenue": 277448382,
    "price": 86.99,
    "poster": "https://image.tmdb.org/t/p/w500/lpmyeqSR2Pc7ytfTp1ScD3ferX4.jpg"
  },
  {
    "id": 1419406,
    "title": "捕风追影",
    "release_date": "2025-08-16",
    "vote_average": 7.4,
    "budget": 0,
    "revenue": 0,
    "price": 90.99,
    "poster": "https://image.tmdb.org/t/p/w500/4vnfOgB9m4RHUOvLt67AmDzc42K.jpg"
  },
  {
    "id": 86767,
    "title": "The First Time",
    "release_date": "1969-06-11",
    "vote_average": 5.158,
    "budget": 900000,
    "revenue": 0,
    "price": 86.99,
    "poster": "https://image.tmdb.org/t/p/w500/tMeuZaFCyQiDUfGo2Rgfkf6obZi.jpg"
  },
  {
    "id": 1365103,
    "title": "Marriage Unplugged",
    "release_date": "2024-10-28",
    "vote_average": 7,
    "budget": 0,
    "revenue": 0,
    "price": 109.99,
    "poster": "https://image.tmdb.org/t/p/w500/3H99Wl52sBPRqXZ3LJjgODOLfwX.jpg"
  },
  {
    "id": 1151031,
    "title": "Faça Ela Voltar",
    "release_date": "2025-05-28",
    "vote_average": 7.362,
    "budget": 15000000,
    "revenue": 33023752,
    "price": 113.99,
    "poster": "https://image.tmdb.org/t/p/w500/yknXRPGfIMmRbWVUxfPuLyCcx7h.jpg"
  },
  {
    "id": 1307078,
    "title": "Meu Ano em Oxford",
    "release_date": "2025-07-31",
    "vote_average": 7.145,
    "budget": 0,
    "revenue": 0,
    "price": 76.99,
    "poster": "https://image.tmdb.org/t/p/w500/lukWPY3ouONKJ31oXhkBg7ShUEh.jpg"
  },
  {
    "id": 1100988,
    "title": "Extermínio: A Evolução",
    "release_date": "2025-06-18",
    "vote_average": 6.772,
    "budget": 60000000,
    "revenue": 150367300,
    "price": 58.99,
    "poster": "https://image.tmdb.org/t/p/w500/rN1G5YsRS5pzCx3hdkEBN8NKn2R.jpg"
  },
  {
    "id": 812455,
    "title": "Victoria",
    "release_date": "2021-01-16",
    "vote_average": 6.333,
    "budget": 0,
    "revenue": 0,
    "price": 66.99,
    "poster": "https://image.tmdb.org/t/p/w500/aOSTW7ZitFAff06mZVXUnktejHY.jpg"
  },
  {
    "id": 715287,
    "title": "새엄마의 욕망",
    "release_date": "2020-05-29",
    "vote_average": 7.1,
    "budget": 0,
    "revenue": 0,
    "price": 114.99,
    "poster": "https://image.tmdb.org/t/p/w500/rYC6UyML4CU4zYiZVbDMrwnGyWW.jpg"
  },
  {
    "id": 1227003,
    "title": "Shadow of God",
    "release_date": "2025-03-26",
    "vote_average": 5.8,
    "budget": 0,
    "revenue": 0,
    "price": 131.99,
    "poster": "https://image.tmdb.org/t/p/w500/vi6LF8rTdU4DeYrXTtUBqG9gFnX.jpg"
  },
  {
    "id": 1506456,
    "title": "Maalikaya",
    "release_date": "2025-07-25",
    "vote_average": 6.3,
    "budget": 0,
    "revenue": 0,
    "price": 127.99,
    "poster": "https://image.tmdb.org/t/p/w500/vkzyTpOYbeEWZkHFCBtqLiJ7b4U.jpg"
  },
  {
    "id": 1393382,
    "title": "A Vingança de Popeye",
    "release_date": "2025-02-12",
    "vote_average": 5.243,
    "budget": 0,
    "revenue": 0,
    "price": 138.99,
    "poster": "https://image.tmdb.org/t/p/w500/8kYGtiNVVjLSsJumGjqqYDkx9uA.jpg"
  },
  {
    "id": 993234,
    "title": "Swingers: Os Limites do Amor",
    "release_date": "2022-11-03",
    "vote_average": 6.231,
    "budget": 0,
    "revenue": 0,
    "price": 143.99,
    "poster": "https://image.tmdb.org/t/p/w500/aFF4eJpWidlKVMIezS0R0MxsdCh.jpg"
  },
  {
    "id": 1285247,
    "title": "Murder Company",
    "release_date": "2024-07-05",
    "vote_average": 5.895,
    "budget": 0,
    "revenue": 0,
    "price": 132.99,
    "poster": "https://image.tmdb.org/t/p/w500/eUjzUUFm1dEUR6U4r0C6s9L2FEd.jpg"
  },
  {
    "id": 1127648,
    "title": "Bonjour Tristesse",
    "release_date": "2025-03-13",
    "vote_average": 6.1,
    "budget": 0,
    "revenue": 448428,
    "price": 90.99,
    "poster": "https://image.tmdb.org/t/p/w500/bHqkaTLL1aPcpMzbvu8kFckEpi.jpg"
  },
  {
    "id": 1515395,
    "title": "LEGO Disney Princesa: Vilões Unidos",
    "release_date": "2025-08-24",
    "vote_average": 10,
    "budget": 0,
    "revenue": 0,
    "price": 106.99,
    "poster": "https://image.tmdb.org/t/p/w500/bVQBNjzcqflF5neeWGt87DGJ4tL.jpg"
  },
  {
    "id": 1064307,
    "title": "Espermageddon",
    "release_date": "2025-02-21",
    "vote_average": 7.1,
    "budget": 3000000,
    "revenue": 0,
    "price": 53.99,
    "poster": "https://image.tmdb.org/t/p/w500/xXJjuZwSI6O6r4MnnCZuSmEJfiy.jpg"
  },
  {
    "id": 1403735,
    "title": "లైలా",
    "release_date": "2025-02-14",
    "vote_average": 5.8,
    "budget": 0,
    "revenue": 0,
    "price": 69.99,
    "poster": "https://image.tmdb.org/t/p/w500/l4gsNxFPGpzbq0D6QK1a8vO1lBz.jpg"
  },
  {
    "id": 259872,
    "title": "Des jours plus belles que la nuit",
    "release_date": "2009-10-10",
    "vote_average": 5.986,
    "budget": 0,
    "revenue": 0,
    "price": 116.99,
    "poster": "https://image.tmdb.org/t/p/w500/uCkANtG6ezb7hjRKVudY3PUcbvn.jpg"
  },
  {
    "id": 70196,
    "title": "O Veterano",
    "release_date": "2011-04-29",
    "vote_average": 5.7,
    "budget": 0,
    "revenue": 0,
    "price": 146.99,
    "poster": "https://image.tmdb.org/t/p/w500/i1gSsXTWtCmNQArmIeUpAysHEmi.jpg"
  },
  {
    "id": 1125257,
    "title": "Uma Sexta-Feira Mais Louca Ainda",
    "release_date": "2025-08-06",
    "vote_average": 6.91,
    "budget": 42000000,
    "revenue": 113649221,
    "price": 109.99,
    "poster": "https://image.tmdb.org/t/p/w500/UrADpL0Gnzh5erZN0VbdcAwI2Q.jpg"
  },
  {
    "id": 950387,
    "title": "Um Filme Minecraft",
    "release_date": "2025-03-31",
    "vote_average": 6.386,
    "budget": 150000000,
    "revenue": 955149195,
    "price": 127.99,
    "poster": "https://image.tmdb.org/t/p/w500/4VtkIaj76TpQNfhDHXQDdT9uBN5.jpg"
  },
  {
    "id": 1124619,
    "title": "Duro de Casar",
    "release_date": "2025-06-19",
    "vote_average": 5.674,
    "budget": 20000000,
    "revenue": 0,
    "price": 59.99,
    "poster": "https://image.tmdb.org/t/p/w500/6dfudnzj4aIAvwjD88XmXLjGPbg.jpg"
  },
  {
    "id": 1339166,
    "title": "Shaman",
    "release_date": "2025-07-16",
    "vote_average": 5.583,
    "budget": 0,
    "revenue": 0,
    "price": 137.99,
    "poster": "https://image.tmdb.org/t/p/w500/ltLqm9f9Ma3iCFmfXNHenzPEqda.jpg"
  },
  {
    "id": 1254624,
    "title": "A Noite Sempre Chega",
    "release_date": "2025-08-15",
    "vote_average": 6.092,
    "budget": 0,
    "revenue": 0,
    "price": 76.99,
    "poster": "https://image.tmdb.org/t/p/w500/3AfvXofZ4V8sa5A6aeakd7oAPAi.jpg"
  },
  {
    "id": 1007734,
    "title": "Anônimo 2",
    "release_date": "2025-08-13",
    "vote_average": 7.252,
    "budget": 25000000,
    "revenue": 28583560,
    "price": 142.99,
    "poster": "https://image.tmdb.org/t/p/w500/6ObRyIQHJAY2X575hLVgKsnNlar.jpg"
  },
  {
    "id": 1010581,
    "title": "Minha Culpa",
    "release_date": "2023-06-08",
    "vote_average": 7.781,
    "budget": 0,
    "revenue": 0,
    "price": 107.99,
    "poster": "https://image.tmdb.org/t/p/w500/a59iGvF609yAZ5tfZUoQ3XipeQH.jpg"
  },
  {
    "id": 1263256,
    "title": "Um Maluco no Golfe 2",
    "release_date": "2025-07-25",
    "vote_average": 6.726,
    "budget": 152000000,
    "revenue": 0,
    "price": 43.99,
    "poster": "https://image.tmdb.org/t/p/w500/tUnY14keO33H2QfOQEWRUsccgZo.jpg"
  },
  {
    "id": 715253,
    "title": "유령",
    "release_date": "2023-01-18",
    "vote_average": 6.9,
    "budget": 0,
    "revenue": 0,
    "price": 58.99,
    "poster": "https://image.tmdb.org/t/p/w500/yIwKMwAA3XESJSvnVnhlchVTWC9.jpg"
  },
  {
    "id": 615453,
    "title": "Ne Zha",
    "release_date": "2019-07-26",
    "vote_average": 7.9,
    "budget": 22000000,
    "revenue": 742718496,
    "price": 58.99,
    "poster": "https://image.tmdb.org/t/p/w500/ztWc4QvzEatqhGnQT98FsICc8rD.jpg"
  },
  {
    "id": 1500691,
    "title": "Maldito Futebol Fantasy",
    "release_date": "2025-08-26",
    "vote_average": 5.2,
    "budget": 0,
    "revenue": 0,
    "price": 86.99,
    "poster": "https://image.tmdb.org/t/p/w500/AiPT48EL2NywdCZUJqNnKLUKac8.jpg"
  },
  {
    "id": 1197306,
    "title": "Resgate Implacável",
    "release_date": "2025-03-26",
    "vote_average": 6.714,
    "budget": 40000000,
    "revenue": 99068160,
    "price": 74.99,
    "poster": "https://image.tmdb.org/t/p/w500/iT6yYCAuMQwm1PV4nByrsrsIOhG.jpg"
  },
  {
    "id": 1136867,
    "title": "Amores Materialistas",
    "release_date": "2025-06-12",
    "vote_average": 6.714,
    "budget": 20000000,
    "revenue": 75303614,
    "price": 69.99,
    "poster": "https://image.tmdb.org/t/p/w500/gDC0Qwkaah9BRsDiPZcFPDZtCcN.jpg"
  },
  {
    "id": 9722,
    "title": "A Feiticeira",
    "release_date": "2005-06-21",
    "vote_average": 5.069,
    "budget": 85000000,
    "revenue": 131426169,
    "price": 113.99,
    "poster": "https://image.tmdb.org/t/p/w500/npz3nxmaI2TspQkVoGobgdUdO36.jpg"
  },
  {
    "id": 226674,
    "title": "L'Adolescente",
    "release_date": "1979-01-24",
    "vote_average": 4.591,
    "budget": 0,
    "revenue": 0,
    "price": 89.99,
    "poster": "https://image.tmdb.org/t/p/w500/v7yCEzF9BCF82lbp42X5ZLjIieo.jpg"
  },
  {
    "id": 10909,
    "title": "Kalifornia: Uma Viagem ao Inferno",
    "release_date": "1993-06-24",
    "vote_average": 6.577,
    "budget": 9000000,
    "revenue": 2395231,
    "price": 72.99,
    "poster": "https://image.tmdb.org/t/p/w500/hWbxFBJHRAG4UutpBKFG2WPYyR2.jpg"
  },
  {
    "id": 1188423,
    "title": "Site",
    "release_date": "2025-08-08",
    "vote_average": 6.077,
    "budget": 0,
    "revenue": 0,
    "price": 127.99,
    "poster": "https://image.tmdb.org/t/p/w500/wydPRb0Zs4lBANfvu0iEEpxULyv.jpg"
  },
  {
    "id": 1241982,
    "title": "Moana 2",
    "release_date": "2024-11-21",
    "vote_average": 7.041,
    "budget": 150000000,
    "revenue": 1059242164,
    "price": 130.99,
    "poster": "https://image.tmdb.org/t/p/w500/dnqgkKoIGf6hErzRm6VtaK1OJrD.jpg"
  },
  {
    "id": 157336,
    "title": "Interestelar",
    "release_date": "2014-11-05",
    "vote_average": 8.46,
    "budget": 165000000,
    "revenue": 746606706,
    "price": 85.99,
    "poster": "https://image.tmdb.org/t/p/w500/6ricSDD83BClJsFdGB6x7cM0MFQ.jpg"
  },
  {
    "id": 1319969,
    "title": "Desenhos",
    "release_date": "2025-08-06",
    "vote_average": 7.2,
    "budget": 3000000,
    "revenue": 8027273,
    "price": 49.99,
    "poster": "https://image.tmdb.org/t/p/w500/ev1ysLdMutaZFydCDxMA7LzuimH.jpg"
  },
  {
    "id": 1315986,
    "title": "Um Homem sem Passado",
    "release_date": "2025-01-13",
    "vote_average": 6.468,
    "budget": 0,
    "revenue": 0,
    "price": 95.99,
    "poster": "https://image.tmdb.org/t/p/w500/1lrPXPE6MFmjj2Anfv9aIDz9FnA.jpg"
  },
  {
    "id": 1280461,
    "title": "Dirty Ice Cream",
    "release_date": "2024-05-10",
    "vote_average": 5.25,
    "budget": 0,
    "revenue": 0,
    "price": 75.99,
    "poster": "https://image.tmdb.org/t/p/w500/i3QnOr3d9FHxCGunOyqxnzrgxCW.jpg"
  },
  {
    "id": 1225572,
    "title": "Screamboat: Terror a Bordo",
    "release_date": "2025-03-20",
    "vote_average": 5.231,
    "budget": 2000000,
    "revenue": 393011,
    "price": 86.99,
    "poster": "https://image.tmdb.org/t/p/w500/1i5j9mz9uFueuBcRVjDeA4Jh5AB.jpg"
  },
  {
    "id": 1278950,
    "title": "O Ritual",
    "release_date": "2025-04-18",
    "vote_average": 5.806,
    "budget": 0,
    "revenue": 3195869,
    "price": 94.99,
    "poster": "https://image.tmdb.org/t/p/w500/fQv7neaPTFjBzvKkysAA6FXDIz7.jpg"
  },
  {
    "id": 13494,
    "title": "Red Sonja",
    "release_date": "2025-07-31",
    "vote_average": 6.2,
    "budget": 0,
    "revenue": 0,
    "price": 88.99,
    "poster": "https://image.tmdb.org/t/p/w500/l10eghFN1nQmWwMSt91MlLvZZFA.jpg"
  },
  {
    "id": 422145,
    "title": "Tubérculo Presidente",
    "release_date": "2016-11-24",
    "vote_average": 7.5,
    "budget": 0,
    "revenue": 0,
    "price": 69.99,
    "poster": "https://image.tmdb.org/t/p/w500/pTWAeFIPOyGri6cbA9kiXQozjBm.jpg"
  },
  {
    "id": 533535,
    "title": "Deadpool & Wolverine",
    "release_date": "2024-07-24",
    "vote_average": 7.583,
    "budget": 200000000,
    "revenue": 1338073645,
    "price": 138.99,
    "poster": "https://image.tmdb.org/t/p/w500/xq4v7JE8niZ75OYYPDGNn6Gzpyt.jpg"
  },
  {
    "id": 749170,
    "title": "Chefes de Estado",
    "release_date": "2025-06-24",
    "vote_average": 6.9,
    "budget": 100,
    "revenue": 0,
    "price": 139.99,
    "poster": "https://image.tmdb.org/t/p/w500/kSWYR3yqlbOIJdqRop970ce5mBS.jpg"
  },
  {
    "id": 1285965,
    "title": "Animais Perigosos",
    "release_date": "2025-06-05",
    "vote_average": 6.502,
    "budget": 2000000,
    "revenue": 4569549,
    "price": 110.99,
    "poster": "https://image.tmdb.org/t/p/w500/mmDObWTMz276UityIljEAZi7De2.jpg"
  },
  {
    "id": 1470086,
    "title": "Ligaw",
    "release_date": "2025-05-09",
    "vote_average": 7.25,
    "budget": 0,
    "revenue": 0,
    "price": 123.99,
    "poster": "https://image.tmdb.org/t/p/w500/xpGQxXQwm1zdzQ8bN98hEmojZOl.jpg"
  },
  {
    "id": 808,
    "title": "Shrek",
    "release_date": "2001-05-18",
    "vote_average": 7.752,
    "budget": 60000000,
    "revenue": 488628188,
    "price": 42.99,
    "poster": "https://image.tmdb.org/t/p/w500/iB64vpL3dIObOtMZgX3RqdVdQDc.jpg"
  },
  {
    "id": 138843,
    "title": "Invocação do Mal",
    "release_date": "2013-07-18",
    "vote_average": 7.5,
    "budget": 13000000,
    "revenue": 320420168,
    "price": 113.99,
    "poster": "https://image.tmdb.org/t/p/w500/otILeHmcY6wc64DNXi0T7YYATZK.jpg"
  },
  {
    "id": 1164355,
    "title": "Lembayung",
    "release_date": "2024-09-19",
    "vote_average": 7.2,
    "budget": 0,
    "revenue": 0,
    "price": 128.99,
    "poster": "https://image.tmdb.org/t/p/w500/5x9LrW0yvtt6S3XovIQHgXfYvLL.jpg"
  },
  {
    "id": 1052243,
    "title": "MANUEL",
    "release_date": "2022-11-23",
    "vote_average": 10,
    "budget": 0,
    "revenue": 0,
    "price": 100.99,
    "poster": "https://image.tmdb.org/t/p/w500/hpYt0ouIHcZhbxQDT4JFXLY3fih.jpg"
  },
  {
    "id": 1181540,
    "title": "Família à Prova de Balas",
    "release_date": "2025-05-15",
    "vote_average": 6.861,
    "budget": 0,
    "revenue": 198534,
    "price": 42.99,
    "poster": "https://image.tmdb.org/t/p/w500/49zcfTFYPide0No0fDanlkoePFE.jpg"
  },
  {
    "id": 519182,
    "title": "Meu Malvado Favorito 4",
    "release_date": "2024-06-20",
    "vote_average": 7,
    "budget": 100000000,
    "revenue": 969597394,
    "price": 110.99,
    "poster": "https://image.tmdb.org/t/p/w500/jWYTtmxSuWVXP22hxAeXdQZLZrh.jpg"
  },
  {
    "id": 1326106,
    "title": "Kaiju No. 8: Missão de Reconhecimento",
    "release_date": "2025-03-28",
    "vote_average": 7.922,
    "budget": 0,
    "revenue": 0,
    "price": 83.99,
    "poster": "https://image.tmdb.org/t/p/w500/5xFbaAZIprcOD1iBP7vlQ08OM7c.jpg"
  },
  {
    "id": 24428,
    "title": "Os Vingadores: The Avengers",
    "release_date": "2012-04-25",
    "vote_average": 7.793,
    "budget": 220000000,
    "revenue": 1518815515,
    "price": 136.99,
    "poster": "https://image.tmdb.org/t/p/w500/j9hwS307Zlc5mQTbAnwV75vXG0H.jpg"
  },
  {
    "id": 1058537,
    "title": "Anjos Caídos: Guerreiros da Paz",
    "release_date": "2024-07-09",
    "vote_average": 5.981,
    "budget": 3200000,
    "revenue": 0,
    "price": 82.99,
    "poster": "https://image.tmdb.org/t/p/w500/shlh2HrFhSlQj7wGoiesrEtk1px.jpg"
  },
  {
    "id": 671,
    "title": "Harry Potter e a Pedra Filosofal",
    "release_date": "2001-11-16",
    "vote_average": 7.901,
    "budget": 125000000,
    "revenue": 976475550,
    "price": 52.99,
    "poster": "https://image.tmdb.org/t/p/w500/4rtsbE9aQ1qw4gv7yYwaNYfWFoS.jpg"
  },
  {
    "id": 1477114,
    "title": "Sorority",
    "release_date": "2025-06-20",
    "vote_average": 6.6,
    "budget": 0,
    "revenue": 0,
    "price": 107.99,
    "poster": "https://image.tmdb.org/t/p/w500/jm4CYBED9I5e8Cp7zlj8cDifUVB.jpg"
  },
  {
    "id": 950396,
    "title": "Entre Montanhas",
    "release_date": "2025-02-13",
    "vote_average": 7.709,
    "budget": 70000000,
    "revenue": 0,
    "price": 107.99,
    "poster": "https://image.tmdb.org/t/p/w500/7zL6RxMPmpPSdU5OTdVC4dtiKcr.jpg"
  },
  {
    "id": 846422,
    "title": "The Old Guard 2",
    "release_date": "2025-07-01",
    "vote_average": 6.025,
    "budget": 7000000,
    "revenue": 0,
    "price": 79.99,
    "poster": "https://image.tmdb.org/t/p/w500/kuM9Q0jxeJ1431rJPJ7Xen2gRX5.jpg"
  },
  {
    "id": 641284,
    "title": "Excitation au soleil",
    "release_date": "1978-03-22",
    "vote_average": 2.5,
    "budget": 0,
    "revenue": 0,
    "price": 77.99,
    "poster": "https://image.tmdb.org/t/p/w500/ysKUDDAwHGZLbvAYAkAJABSwmFB.jpg"
  },
  {
    "id": 1087891,
    "title": "Operação Vingança",
    "release_date": "2025-04-09",
    "vote_average": 6.98,
    "budget": 60000000,
    "revenue": 95956038,
    "price": 111.99,
    "poster": "https://image.tmdb.org/t/p/w500/m9bV8N7up3kdnheJQ6CNYWGR9o3.jpg"
  },
  {
    "id": 870028,
    "title": "O Contador 2",
    "release_date": "2025-04-23",
    "vote_average": 7.158,
    "budget": 80000000,
    "revenue": 102123366,
    "price": 150.99,
    "poster": "https://image.tmdb.org/t/p/w500/dSjT9OZYuv8prndEKHjqxRzmErp.jpg"
  },
  {
    "id": 13499,
    "title": "Os Seus, os Meus e os Nossos",
    "release_date": "2005-11-23",
    "vote_average": 6.178,
    "budget": 45000000,
    "revenue": 72028752,
    "price": 44.99,
    "poster": "https://image.tmdb.org/t/p/w500/5AQ9RLdv5Po91B7s7MNPQmqHtjt.jpg"
  },
  {
    "id": 629542,
    "title": "Os Caras Malvados",
    "release_date": "2022-03-17",
    "vote_average": 7.5,
    "budget": 80000000,
    "revenue": 250162278,
    "price": 132.99,
    "poster": "https://image.tmdb.org/t/p/w500/syKg3OmdtSYmkA7nNdtPUYdSFGL.jpg"
  },
  {
    "id": 129,
    "title": "A Viagem de Chihiro",
    "release_date": "2001-07-20",
    "vote_average": 8.535,
    "budget": 19000000,
    "revenue": 274925095,
    "price": 149.99,
    "poster": "https://image.tmdb.org/t/p/w500/hhoKhsyJ3hFaxEm5pMdZRiTu2lJ.jpg"
  },
  {
    "id": 460229,
    "title": "Kiss and Kill",
    "release_date": "2017-08-08",
    "vote_average": 5.349,
    "budget": 0,
    "revenue": 0,
    "price": 57.99,
    "poster": "https://image.tmdb.org/t/p/w500/5QdNwga65k5iCE7fsghSdBmyVld.jpg"
  },
  {
    "id": 1038392,
    "title": "Invocação do Mal 4: O Último Ritual",
    "release_date": "2025-09-03",
    "vote_average": 6,
    "budget": 0,
    "revenue": 0,
    "price": 56.99,
    "poster": "https://image.tmdb.org/t/p/w500/40nHGUfypLhlr7gJx8At1IbYkaK.jpg"
  },
  {
    "id": 1476292,
    "title": "Kalakal",
    "release_date": "2025-06-13",
    "vote_average": 6.6,
    "budget": 0,
    "revenue": 0,
    "price": 110.99,
    "poster": "https://image.tmdb.org/t/p/w500/KwhyuZn24FOs4Dl52g9KLpS48a.jpg"
  },
  {
    "id": 1445488,
    "title": "El beso de Judas",
    "release_date": "2025-03-27",
    "vote_average": 10,
    "budget": 0,
    "revenue": 0,
    "price": 133.99,
    "poster": "https://image.tmdb.org/t/p/w500/eX7sEsILS1F9vRGB99sCXvORfr5.jpg"
  },
  {
    "id": 648878,
    "title": "Eddington",
    "release_date": "2025-07-16",
    "vote_average": 6.5,
    "budget": 25000000,
    "revenue": 11299038,
    "price": 141.99,
    "poster": "https://image.tmdb.org/t/p/w500/wpZUzr2fsfj3k5ZXyIBmH7Btngo.jpg"
  },
  {
    "id": 1022789,
    "title": "Divertida Mente 2",
    "release_date": "2024-06-11",
    "vote_average": 7.55,
    "budget": 200000000,
    "revenue": 1698863816,
    "price": 41.99,
    "poster": "https://image.tmdb.org/t/p/w500/xGvz7nlGQeePcVOpAzOcHsC7kRt.jpg"
  },
  {
    "id": 1156593,
    "title": "Sua Culpa",
    "release_date": "2024-12-26",
    "vote_average": 7.13,
    "budget": 0,
    "revenue": 0,
    "price": 71.99,
    "poster": "https://image.tmdb.org/t/p/w500/bYGXiAHUQqSp8SW3ql2lleZxQ5n.jpg"
  },
  {
    "id": 571573,
    "title": "Precure Miracle Universe",
    "release_date": "2019-03-16",
    "vote_average": 5.6,
    "budget": 0,
    "revenue": 0,
    "price": 92.99,
    "poster": "https://image.tmdb.org/t/p/w500/dn0s9dammO2Sckt1TXBrpIcY0Qv.jpg"
  },
  {
    "id": 1109306,
    "title": "Un mondo a parte",
    "release_date": "2024-03-28",
    "vote_average": 6.5,
    "budget": 0,
    "revenue": 8108856,
    "price": 114.99,
    "poster": "https://image.tmdb.org/t/p/w500/f5ZibJ7crzGLLQ5AygBexzQMtR4.jpg"
  },
  {
    "id": 928334,
    "title": "O Amante de Júlia",
    "release_date": "2022-01-18",
    "vote_average": 5.571,
    "budget": 0,
    "revenue": 0,
    "price": 71.99,
    "poster": "https://image.tmdb.org/t/p/w500/qcXamFmCTlSybSvyboN6PaS1bJG.jpg"
  },
  {
    "id": 822119,
    "title": "Capitão América: Admirável Mundo Novo",
    "release_date": "2025-02-12",
    "vote_average": 6.033,
    "budget": 180000000,
    "revenue": 415101577,
    "price": 81.99,
    "poster": "https://image.tmdb.org/t/p/w500/yWOtVhuwJ6f5j9ELD2k3wKELEln.jpg"
  },
  {
    "id": 1452176,
    "title": "Abraham's Boys",
    "release_date": "2025-07-11",
    "vote_average": 5.5,
    "budget": 0,
    "revenue": 0,
    "price": 43.99,
    "poster": "https://image.tmdb.org/t/p/w500/e10AbPwcJk5b7ja3MQUVr5wHEeq.jpg"
  },
  {
    "id": 1233413,
    "title": "Pecadores",
    "release_date": "2025-04-16",
    "vote_average": 7.547,
    "budget": 90000000,
    "revenue": 365878513,
    "price": 61.99,
    "poster": "https://image.tmdb.org/t/p/w500/a9kYEboW1TQaeilGYUAx1MO0DUp.jpg"
  },
  {
    "id": 846817,
    "title": "ليل",
    "release_date": "2024-09-07",
    "vote_average": 10,
    "budget": 0,
    "revenue": 0,
    "price": 139.99,
    "poster": "https://image.tmdb.org/t/p/w500/tBfs2Bu8j8ZRMbro5cxykqzQcjP.jpg"
  },
  {
    "id": 575264,
    "title": "Missão: Impossível - Acerto de Contas Parte 1",
    "release_date": "2023-07-08",
    "vote_average": 7.525,
    "budget": 291000000,
    "revenue": 571125435,
    "price": 140.99,
    "poster": "https://image.tmdb.org/t/p/w500/56dp5Z70CxlnFxoZh3KjZpxG6qA.jpg"
  },
  {
    "id": 1376434,
    "title": "Predador: Assassino de Assassinos",
    "release_date": "2025-06-05",
    "vote_average": 7.915,
    "budget": 0,
    "revenue": 0,
    "price": 63.99,
    "poster": "https://image.tmdb.org/t/p/w500/xz02mXRmFclUQhNnkXpwYHE6mVL.jpg"
  },
  {
    "id": 713364,
    "title": "O Palhaço no Milharal",
    "release_date": "2025-05-08",
    "vote_average": 6.229,
    "budget": 1000000,
    "revenue": 8802437,
    "price": 148.99,
    "poster": "https://image.tmdb.org/t/p/w500/6XXXXSH4jU6W2qba9SLlKTlT6ak.jpg"
  },
  {
    "id": 829557,
    "title": "365 Dias: Hoje",
    "release_date": "2022-04-26",
    "vote_average": 5.9,
    "budget": 0,
    "revenue": 0,
    "price": 95.99,
    "poster": "https://image.tmdb.org/t/p/w500/3104lH1U1XfUXo0ZLawnIjXS0NC.jpg"
  },
  {
    "id": 1374534,
    "title": "Os Bad Boas",
    "release_date": "2025-07-10",
    "vote_average": 5.949,
    "budget": 0,
    "revenue": 0,
    "price": 93.99,
    "poster": "https://image.tmdb.org/t/p/w500/sCMbtE4Owgbgndty07jCA7wH08F.jpg"
  },
  {
    "id": 155,
    "title": "Batman: O Cavaleiro das Trevas",
    "release_date": "2008-07-16",
    "vote_average": 8.522,
    "budget": 185000000,
    "revenue": 1004558444,
    "price": 143.99,
    "poster": "https://image.tmdb.org/t/p/w500/4lj1ikfsSmMZNyfdi8R8Tv5tsgb.jpg"
  },
  {
    "id": 1205656,
    "title": "Hallow Road",
    "release_date": "2025-04-16",
    "vote_average": 6.814,
    "budget": 0,
    "revenue": 0,
    "price": 80.99,
    "poster": "https://image.tmdb.org/t/p/w500/dVsgV7ak6vR5xyXFggooJQinXBg.jpg"
  },
  {
    "id": 1035259,
    "title": "Corra Que a Polícia Vem Aí!",
    "release_date": "2025-07-30",
    "vote_average": 6.925,
    "budget": 42000000,
    "revenue": 86540700,
    "price": 88.99,
    "poster": "https://image.tmdb.org/t/p/w500/aGnR0XntfMrlrbnVyPL8XOKAkAQ.jpg"
  },
  {
    "id": 1355126,
    "title": "Pabrik Gula",
    "release_date": "2025-03-31",
    "vote_average": 7.932,
    "budget": 0,
    "revenue": 10021905,
    "price": 101.99,
    "poster": "https://image.tmdb.org/t/p/w500/nwmR5EL5m8tcPBud6OwUyt8p5z1.jpg"
  },
  {
    "id": 1317938,
    "title": "Norma: Antara Mertua dan Menantu",
    "release_date": "2025-03-31",
    "vote_average": 7.5,
    "budget": 0,
    "revenue": 0,
    "price": 73.99,
    "poster": "https://image.tmdb.org/t/p/w500/oEWtL2Rr5AuufFq57BjB7YZvLKv.jpg"
  },
  {
    "id": 299536,
    "title": "Vingadores: Guerra Infinita",
    "release_date": "2018-04-25",
    "vote_average": 8.2,
    "budget": 300000000,
    "revenue": 2052415039,
    "price": 88.99,
    "poster": "https://image.tmdb.org/t/p/w500/d6jUbQj4E4R5MJlFYfdzANEZbkL.jpg"
  },
  {
    "id": 423108,
    "title": "Invocação do Mal 3: A Ordem do Demônio",
    "release_date": "2021-05-25",
    "vote_average": 7.4,
    "budget": 39000000,
    "revenue": 206439349,
    "price": 40.99,
    "poster": "https://image.tmdb.org/t/p/w500/tLmaOXT9rMb17ISQDURKQIu3Okk.jpg"
  },
  {
    "id": 634649,
    "title": "Homem-Aranha: Sem Volta Para Casa",
    "release_date": "2021-12-15",
    "vote_average": 7.941,
    "budget": 200000000,
    "revenue": 1921847111,
    "price": 45.99,
    "poster": "https://image.tmdb.org/t/p/w500/8qBccgSj0Ru9Odm1Mjv82cxDr7l.jpg"
  },
  {
    "id": 278,
    "title": "Um Sonho de Liberdade",
    "release_date": "1994-09-23",
    "vote_average": 8.712,
    "budget": 25000000,
    "revenue": 28341469,
    "price": 75.99,
    "poster": "https://image.tmdb.org/t/p/w500/xSnM4ahmz692msbMTBsfBWHvR3M.jpg"
  },
  {
    "id": 1140142,
    "title": "やくざ囃子",
    "release_date": "1954-06-30",
    "vote_average": 10,
    "budget": 0,
    "revenue": 0,
    "price": 75.99,
    "poster": "https://image.tmdb.org/t/p/w500/1pOfALcXkc5yU2FPTwmMBnXUQK.jpg"
  },
  {
    "id": 9794,
    "title": "Funcionário do Mês",
    "release_date": "2006-10-06",
    "vote_average": 5.6,
    "budget": 12000000,
    "revenue": 38528984,
    "price": 110.99,
    "poster": "https://image.tmdb.org/t/p/w500/jyPtb3SA0mq4FGJJOGxz3sYnPPc.jpg"
  },
  {
    "id": 1353328,
    "title": "Hook",
    "release_date": "2025-04-04",
    "vote_average": 5.8,
    "budget": 0,
    "revenue": 0,
    "price": 110.99,
    "poster": "https://image.tmdb.org/t/p/w500/uMCGeXaiCHQNBgh7em4Gaf73e0i.jpg"
  },
  {
    "id": 912649,
    "title": "Venom: A Última Rodada",
    "release_date": "2024-10-22",
    "vote_average": 6.705,
    "budget": 120000000,
    "revenue": 478937618,
    "price": 55.99,
    "poster": "https://image.tmdb.org/t/p/w500/p8CHaGudwUzBSU7dTjzMd71Iv4M.jpg"
  },
  {
    "id": 762509,
    "title": "Mufasa: O Rei Leão",
    "release_date": "2024-12-18",
    "vote_average": 7.4,
    "budget": 200000000,
    "revenue": 722631756,
    "price": 40.99,
    "poster": "https://image.tmdb.org/t/p/w500/iMVuv6Gz5fj7vZ51IjRF3AiW87y.jpg"
  },
  {
    "id": 82023,
    "title": "Hotel Desire",
    "release_date": "2011-12-07",
    "vote_average": 6.2,
    "budget": 230758,
    "revenue": 0,
    "price": 123.99,
    "poster": "https://image.tmdb.org/t/p/w500/myzQj8Rk178DrWsiZjVKjz7Kj9P.jpg"
  },
  {
    "id": 385687,
    "title": "Velozes & Furiosos 10",
    "release_date": "2023-05-17",
    "vote_average": 7,
    "budget": 340000000,
    "revenue": 704709660,
    "price": 98.99,
    "poster": "https://image.tmdb.org/t/p/w500/wDWAA5QApz5L5BKfFaaj8HJCAQM.jpg"
  },
  {
    "id": 1011985,
    "title": "Kung Fu Panda 4",
    "release_date": "2024-03-02",
    "vote_average": 7.041,
    "budget": 80000000,
    "revenue": 548040835,
    "price": 52.99,
    "poster": "https://image.tmdb.org/t/p/w500/vU5MZaZfdl6P7SRHGjpWYiNYa1t.jpg"
  },
  {
    "id": 611251,
    "title": "女高生トリオ 性感試験",
    "release_date": "1977-02-23",
    "vote_average": 6.6,
    "budget": 0,
    "revenue": 0,
    "price": 69.99,
    "poster": "https://image.tmdb.org/t/p/w500/9GSLrU0aoR6Pi2FQ0ttXV2thSxJ.jpg"
  },
  {
    "id": 1284120,
    "title": "A Meia-Irmã Feia",
    "release_date": "2025-03-07",
    "vote_average": 7.198,
    "budget": 4250000,
    "revenue": 884602,
    "price": 63.99,
    "poster": "https://image.tmdb.org/t/p/w500/lgO9ZdNe2ikRmQbLYnSHPxgunyP.jpg"
  },
  {
    "id": 597,
    "title": "Titanic",
    "release_date": "1997-11-18",
    "vote_average": 7.905,
    "budget": 200000000,
    "revenue": 2264162353,
    "price": 102.99,
    "poster": "https://image.tmdb.org/t/p/w500/2rTCfqVHw3SDclkPh6KEjN0LnvR.jpg"
  },
  {
    "id": 1305273,
    "title": "Tierra de nadie",
    "release_date": "2025-03-28",
    "vote_average": 6.279,
    "budget": 0,
    "revenue": 0,
    "price": 128.99,
    "poster": "https://image.tmdb.org/t/p/w500/86FDoaK4d6ZdYvOE59W0p1xR1kA.jpg"
  },
  {
    "id": 933260,
    "title": "A Substância",
    "release_date": "2024-09-07",
    "vote_average": 7.1,
    "budget": 17500000,
    "revenue": 76506196,
    "price": 66.99,
    "poster": "https://image.tmdb.org/t/p/w500/6L3PfQEydRzONYrhtpWtchRhOuV.jpg"
  }
]
